@incollection{QDLibEuroPar-14,
 author = {Klaftenegger, David and Sagonas, Konstantinos and Winblad, Kjell},
 title = {Delegation Locking Libraries for Improved Performance of Multithreaded Programs},
 pages = {572-583},
 booktitle = {Euro-Par 2014 Parallel Processing},
 volume = {8632},
 series = {Lecture Notes in Computer Science},
 doi = {10.1007/978-3-319-09873-9_48},
 url = {http://dx.doi.org/10.1007/978-3-319-09873-9_48},
 publisher = {Springer International Publishing},
 year = {2014}
}
@article{hung2014activemonitor,
  title={{ActiveMonitor}: Non-blocking Monitor Executions for Increased Parallelism},
  author={Hung, Weil-Lun and Chauhan, Himanshu and Garg, Vijay K},
  journal={arXiv preprint arXiv:1408.0818},
  year={2014}
}
